%% This BibTeX bibliography file was created using BibDesk.
%% http://bibdesk.sourceforge.net/

%% Saved with string encoding Unicode (UTF-8) 

@techreport{bv11,
	Author = {Emmanuel Bernard},
	Institution = {JCP},
	Month = {March},
	Note = {See http://jcp.org/en/jsr/detail?id=349},
	Title = {{Bean} {Validation} {1.1}},
	Type = {{JSR}},
	Year = 2013}

@techreport{jsonp,
	Author = {Jitendra Kotamraju},
	Institution = {JCP},
	Month = {March},
	Note = {See http://jcp.org/en/jsr/detail?id=353},
	Title = {{Java} {API} {for} {JSON} {Processing}},
	Type = {{JSR}},
	Year = 2013}
	
@techreport{concurrencyee,
	Author = {Anthony Lai},
	Institution = {JCP},
	Month = {March},
	Note = {See http://jcp.org/en/jsr/detail?id=236},
	Title = {{Concurrency} {Utilities} {for} {Java} {EE}},
	Type = {{JSR}},
	Year = 2013}
		